@book{pmbok,
author = {Project Management Institute},
title = {Guia PMBOK: Um Guia do Conhecimento em Gerenciamento de Projetos},
edition = {6},
publisher = {Project Management Institute},
year={2017},
address={Pensilvânia}
}

@book{desordi:2017,
    author = {De Sordi, José Osvaldo},
    title = {Desenvolvimento de Projeto de Pesquisa},
    edition = {1},
    address = {São Paulo},
    publisher = {Saraiva},
    year = {2017}
}

@article{ellis:2008,
title = {Framework of problem-based research: A guide for novice researchers on the development of a research-worthy problem},
author = {Ellis, Timothy J. and Levy, Yair},
journaltitle = {Informing Science},
year = {11},
volume = {2008},
}
